<record><leader>00000cas a22000007a 4500</leader><controlfield tag="001">13676368</controlfield><controlfield tag="008">860602d18471883pauwr ne      0    0eng d</controlfield><datafield ind1=" " ind2=" " tag="010"><subfield code="a">sn 86081499 </subfield></datafield><datafield ind1=" " ind2=" " tag="040"><subfield code="a">NPH</subfield><subfield code="b">eng</subfield><subfield code="c">NPH</subfield><subfield code="d">NPX</subfield><subfield code="d">NPH</subfield><subfield code="d">OCLCQ</subfield><subfield code="d">DLC</subfield><subfield code="d">OCLCF</subfield></datafield><datafield ind1=" " ind2=" " tag="042"><subfield code="a">msc</subfield></datafield><datafield ind1=" " ind2=" " tag="043"><subfield code="a">n-us-pa</subfield></datafield><datafield ind1="0" ind2="0" tag="050"><subfield code="a">Newspaper</subfield></datafield><datafield ind1="0" ind2="0" tag="245"><subfield code="a">Pittsburgh weekly telegraph.</subfield></datafield><datafield ind1="3" ind2="0" tag="246"><subfield code="a">Pittsburgh telegraph</subfield></datafield><datafield ind1="1" ind2="3" tag="246"><subfield code="a">Weekly telegraph</subfield></datafield><datafield ind1=" " ind2=" " tag="260"><subfield code="a">Pittsburgh [Pa.] :</subfield><subfield code="b">Wright &amp; Bryan,</subfield><subfield code="c">1847-1883.</subfield></datafield><datafield ind1=" " ind2=" " tag="300"><subfield code="a">v. :</subfield><subfield code="b">ill.</subfield></datafield><datafield ind1=" " ind2=" " tag="310"><subfield code="a">Weekly</subfield></datafield><datafield ind1="0" ind2=" " tag="362"><subfield code="a">Vol. 1, no. 4 (Apr. 17, 1847)-</subfield></datafield><datafield ind1=" " ind2=" " tag="500"><subfield code="a">"Republican."</subfield></datafield><datafield ind1=" " ind2=" " tag="500"><subfield code="a">The word "weekly" is printed within masthead ornament, &lt;May 29, 1847; Jan. 26, 1878; Dec. 1, 1877; Mar. 12, 1881-Dec. 29, 1883; Apr. 17, 1897&gt;.</subfield></datafield><datafield ind1=" " ind2=" " tag="500"><subfield code="a">Publishers: Bryan &amp; Clark, &lt;Sept. 1847&gt;; Telegraph Pub. Co., &lt;1875&gt;.</subfield></datafield><datafield ind1=" " ind2=" " tag="500"><subfield code="a">Issues for &lt;Sept. 4, 1880-Feb. 1881&gt; have title: Pittsburgh telegraph, and are called: Weekly ed.</subfield></datafield><datafield ind1=" " ind2=" " tag="500"><subfield code="a">"An independent family newspaper", &lt;Dec. 1, 1877&gt;.</subfield></datafield><datafield ind1=" " ind2=" " tag="515"><subfield code="a">Later issues lack volume designation.</subfield></datafield><datafield ind1=" " ind2="0" tag="651"><subfield code="a">Pittsburgh (Pa.)</subfield><subfield code="v">Newspapers.</subfield></datafield><datafield ind1=" " ind2="7" tag="655"><subfield code="a">Newspapers.</subfield><subfield code="2">fast</subfield><subfield code="0">(OCoLC)fst01423814</subfield></datafield><datafield ind1=" " ind2="7" tag="651"><subfield code="a">Pennsylvania</subfield><subfield code="z">Pittsburgh.</subfield><subfield code="2">fast</subfield><subfield code="0">(OCoLC)fst01205171</subfield></datafield><datafield ind1=" " ind2=" " tag="752"><subfield code="a">United States</subfield><subfield code="b">Pennsylvania</subfield><subfield code="c">Allegheny</subfield><subfield code="d">Pittsburgh.</subfield></datafield><datafield ind1="0" ind2=" " tag="775"><subfield code="t">Pittsburgh evening telegraph</subfield><subfield code="w">(DLC)sn 84026388</subfield><subfield code="w">(OCoLC)10447669</subfield></datafield><datafield ind1="0" ind2=" " tag="775"><subfield code="t">Pittsburgh telegraph (Pittsburgh, Pa. : Daily)</subfield><subfield code="w">(DLC)sn 85038399</subfield><subfield code="w">(OCoLC)12396235</subfield></datafield><datafield ind1="0" ind2="0" tag="780"><subfield code="t">Pittsburgh telegraph (Pittsburgh, Pa. : Weekly)</subfield><subfield code="w">(DLC)sn 86081481</subfield><subfield code="w">(OCoLC)13676419</subfield></datafield><datafield ind1="0" ind2="7" tag="785"><subfield code="t">Pittsburgh chronicle</subfield><subfield code="w">(DLC)sn 84026126</subfield></datafield><datafield ind1="0" ind2="7" tag="785"><subfield code="t">Weekly chronicle telegraph</subfield><subfield code="w">(DLC)sn 89077915</subfield></datafield></record>